% Encoding: UTF-8

@inproceedings{silver2014deterministic,
	title={Deterministic policy gradient algorithms},
	author={Silver, David and Lever, Guy and Heess, Nicolas and Degris, Thomas and Wierstra, Daan and Riedmiller, Martin},
	booktitle={International conference on machine learning},
	pages={387--395},
	year={2014},
	organization={PMLR}
}
@article{lillicrap2015continuous,
	title={Continuous control with deep reinforcement learning},
	author={Lillicrap, Timothy P and Hunt, Jonathan J and Pritzel, Alexander and Heess, Nicolas and Erez, Tom and Tassa, Yuval and Silver, David and Wierstra, Daan},
	journal={arXiv preprint arXiv:1509.02971},
	year={2015}
}
@article{barth2018distributed,
	title={Distributed distributional deterministic policy gradients},
	author={Barth-Maron, Gabriel and Hoffman, Matthew W and Budden, David and Dabney, Will and Horgan, Dan and Tb, Dhruva and Muldal, Alistair and Heess, Nicolas and Lillicrap, Timothy},
	journal={arXiv preprint arXiv:1804.08617},
	year={2018}
}
@inproceedings{bellemare2017distributional,
	title={A distributional perspective on reinforcement learning},
	author={Bellemare, Marc G and Dabney, Will and Munos, R{\'e}mi},
	booktitle={International Conference on Machine Learning},
	pages={449--458},
	year={2017},
	organization={PMLR}
}
@article{barth2018distributed,
	title={Distributed distributional deterministic policy gradients},
	author={Barth-Maron, Gabriel and Hoffman, Matthew W and Budden, David and Dabney, Will and Horgan, Dan and Tb, Dhruva and Muldal, Alistair and Heess, Nicolas and Lillicrap, Timothy},
	journal={arXiv preprint arXiv:1804.08617},
	year={2018}
}
@inproceedings{hessel2018rainbow,
	title={Rainbow: Combining improvements in deep reinforcement learning},
	author={Hessel, Matteo and Modayil, Joseph and Van Hasselt, Hado and Schaul, Tom and Ostrovski, Georg and Dabney, Will and Horgan, Dan and Piot, Bilal and Azar, Mohammad and Silver, David},
	booktitle={Proceedings of the AAAI Conference on Artificial Intelligence},
	volume={32},
	number={1},
	year={2018}
}
@article{kingma2014adam,
	title={Adam: A method for stochastic optimization},
	author={Kingma, Diederik P and Ba, Jimmy},
	journal={arXiv preprint arXiv:1412.6980},
	year={2014}
}


@article{mettler2002system,
	title={System identification modeling of a small-scale unmanned rotorcraft for flight control design},
	author={Mettler, Bernard and Tischler, Mark B and Kanade, Takeo},
	journal={Journal of the American helicopter society},
	volume={47},
	number={1},
	pages={50--63},
	year={2002},
	publisher={Vertical Flight Society}
}

@book{johnson2012helicopter,
	title={Helicopter theory},
	author={Johnson, Wayne},
	year={2012},
	publisher={Courier Corporation}
}

@book{leishman2006principles,
	title={Principles of helicopter aerodynamics with CD extra},
	author={Leishman, Gordon J},
	year={2006},
	publisher={Cambridge university press}
}

@misc{schulman2017proximal,
	title={Proximal Policy Optimization Algorithms}, 
	author={John Schulman and Filip Wolski and Prafulla Dhariwal and Alec Radford and Oleg Klimov},
	year={2017},
	eprint={1707.06347},
	archivePrefix={arXiv},
	primaryClass={cs.LG}
}
@article{DBLP:journals/corr/SchulmanLMJA15,
	author    = {John Schulman and
	Sergey Levine and
	Philipp Moritz and
	Michael I. Jordan and
	Pieter Abbeel},
	title     = {Trust Region Policy Optimization},
	journal   = {CoRR},
	volume    = {abs/1502.05477},
	year      = {2015},
	url       = {http://arxiv.org/abs/1502.05477},
	archivePrefix = {arXiv},
	eprint    = {1502.05477},
	timestamp = {Mon, 13 Aug 2018 16:48:08 +0200},
	biburl    = {https://dblp.org/rec/journals/corr/SchulmanLMJA15.bib},
	bibsource = {dblp computer science bibliography, https://dblp.org}
}
@inproceedings{fujimoto2018addressing,
	title={Addressing function approximation error in actor-critic methods},
	author={Fujimoto, Scott and Hoof, Herke and Meger, David},
	booktitle={International Conference on Machine Learning},
	pages={1587--1596},
	year={2018},
	organization={PMLR}
}

@misc{haarnoja2019soft,
	title={Soft Actor-Critic Algorithms and Applications}, 
	author={Tuomas Haarnoja and Aurick Zhou and Kristian Hartikainen and George Tucker and Sehoon Ha and Jie Tan and Vikash Kumar and Henry Zhu and Abhishek Gupta and Pieter Abbeel and Sergey Levine},
	year={2019},
	eprint={1812.05905},
	archivePrefix={arXiv},
	primaryClass={cs.LG}
}
@misc{haarnoja2018soft,
	title={Soft Actor-Critic: Off-Policy Maximum Entropy Deep Reinforcement Learning with a Stochastic Actor}, 
	author={Tuomas Haarnoja and Aurick Zhou and Pieter Abbeel and Sergey Levine},
	year={2018},
	eprint={1801.01290},
	archivePrefix={arXiv},
	primaryClass={cs.LG}
}

@misc{haarnoja2019learning,
	title={Learning to Walk via Deep Reinforcement Learning}, 
	author={Tuomas Haarnoja and Sehoon Ha and Aurick Zhou and Jie Tan and George Tucker and Sergey Levine},
	year={2019},
	eprint={1812.11103},
	archivePrefix={arXiv},
	primaryClass={cs.LG}
}

@book{slotine1991applied,
	title={Applied nonlinear control},
	author={Slotine, Jean-Jacques E and Li, Weiping and others},
	volume={199},
	number={1},
	year={1991},
	publisher={Prentice hall Englewood Cliffs, NJ}
}
@article{pourrezaei2014control,
	title={Control-oriented modeling and system identification for nonlinear trajectory tracking control of a small-scale unmanned helicopter},
	author={Pourrezaei Khaligh, Sepehr},
	year={2014}
}
@article{doerffer2008numerical,
	title={Numerical simulation of model helicopter rotor in hover},
	author={Doerffer, Piotr and Szulc, Oskar},
	journal={Task Quarterly},
	volume={12},
	number={3},
	pages={227--236},
	year={2008}
}
@inproceedings{crittenden2004combustion,
	title={Combustion-driven jet actuators in reversed flow configurations},
	author={Crittenden, Thomas and Shlyubsky, Dmitry and Glezer, Ari},
	booktitle={2nd AIAA Flow Control Conference},
	pages={2689},
	year={2004}
}
@article{patterson1990computational,
	title={Computational and experimental studies of compressible dynamic stall},
	author={Patterson, MT and Lorber, PF},
	journal={Journal of fluids and structures},
	volume={4},
	number={3},
	pages={259--285},
	year={1990},
	publisher={Elsevier}
}
@inproceedings{semsch2009autonomous,
	title={Autonomous UAV surveillance in complex urban environments},
	author={Semsch, Eduard and Jakob, Michal and Pavlicek, Du{\v{s}}an and Pechoucek, Michal},
	booktitle={2009 IEEE/WIC/ACM International Joint Conference on Web Intelligence and Intelligent Agent Technology},
	volume={2},
	pages={82--85},
	year={2009},
	organization={IEEE}
}
@article{maza2011experimental,
	title={Experimental results in multi-UAV coordination for disaster management and civil security applications},
	author={Maza, Iv{\'a}n and Caballero, Fernando and Capit{\'a}n, Jes{\'u}s and Mart{\'\i}nez-de-Dios, Jos{\'e} Ramiro and Ollero, An{\'\i}bal},
	journal={Journal of intelligent \& robotic systems},
	volume={61},
	number={1},
	pages={563--585},
	year={2011},
	publisher={Springer}
}
@article{birk2011safety,
	title={Safety, security, and rescue missions with an unmanned aerial vehicle (UAV)},
	author={Birk, Andreas and Wiggerich, Burkhard and B{\"u}low, Heiko and Pfingsthorn, Max and Schwertfeger, S{\"o}ren},
	journal={Journal of Intelligent \& Robotic Systems},
	volume={64},
	number={1},
	pages={57--76},
	year={2011},
	publisher={Springer}
}
@article{alotaibi2019lsar,
	title={Lsar: Multi-uav collaboration for search and rescue missions},
	author={Alotaibi, Ebtehal Turki and Alqefari, Shahad Saleh and Koubaa, Anis},
	journal={IEEE Access},
	volume={7},
	pages={55817--55832},
	year={2019},
	publisher={IEEE}
}
@article{puri2005survey,
	title={A survey of unmanned aerial vehicles (UAV) for traffic surveillance},
	author={Puri, Anuj},
	journal={Department of computer science and engineering, University of South Florida},
	pages={1--29},
	year={2005},
	publisher={Citeseer}
}
@article{luukkonen2011modelling,
	title={Modelling and control of quadcopter},
	author={Luukkonen, Teppo},
	journal={Independent research project in applied mathematics, Espoo},
	volume={22},
	pages={22},
	year={2011}
}
@inproceedings{gheorghictua2015quadcopter,
	title={Quadcopter control system},
	author={Gheorghi{\c{t}}{\u{a}}, Daniel and V{\^\i}ntu, Ionu{\c{t}} and Mirea, Leti{\c{t}}ia and Br{\u{a}}escu, C{\u{a}}t{\u{a}}lin},
	booktitle={2015 19th International Conference on System Theory, Control and Computing (ICSTCC)},
	pages={421--426},
	year={2015},
	organization={IEEE}
}
@inproceedings{wang2016dynamics,
	title={Dynamics modelling and linear control of quadcopter},
	author={Wang, Pengcheng and Man, Zhihong and Cao, Zhenwei and Zheng, Jinchuan and Zhao, Yong},
	booktitle={2016 International Conference on Advanced Mechatronic Systems (ICAMechS)},
	pages={498--503},
	year={2016},
	organization={IEEE}
}
@article{bashi2017unmanned,
	title={Unmanned aerial vehicle quadcopter: A review},
	author={Bashi, Omar I Dallal and Hasan, WZ and Azis, N and Shafie, S and Wagatsuma, Hiroaki},
	journal={Journal of Computational and Theoretical Nanoscience},
	volume={14},
	number={12},
	pages={5663--5675},
	year={2017},
	publisher={American Scientific Publishers}
}
@book{quan2017introduction,
	title={Introduction to multicopter design and control},
	author={Quan, Quan},
	year={2017},
	publisher={Springer}
}
@inproceedings{koo1998output,
	title={Output tracking control design of a helicopter model based on approximate linearization},
	author={Koo, T John and Sastry, Shankar},
	booktitle={Proceedings of the 37th IEEE Conference on Decision and Control (Cat. No. 98CH36171)},
	volume={4},
	pages={3635--3640},
	year={1998},
	organization={IEEE}
}
@inproceedings{mahony1999hover,
	title={Hover control via Lyapunov control for an autonomous model helicopter},
	author={Mahony, Robert and Hamel, Tarek and Dzul, A},
	booktitle={Proceedings of the 38th IEEE Conference on Decision and Control (Cat. No. 99CH36304)},
	volume={4},
	pages={3490--3495},
	year={1999},
	organization={IEEE}
}
@inproceedings{la2003integrated,
	title={Integrated modeling and robust control for full-envelope flight of robotic helicopters},
	author={La Civita, Marco and Papageorgiou, George and Messner, William C and Kanade, Takeo},
	booktitle={2003 IEEE International Conference on Robotics and Automation (Cat. No. 03CH37422)},
	volume={1},
	pages={552--557},
	year={2003},
	organization={IEEE}
}
@article{civita2006design,
	title={Design and flight testing of an h00 controller for a robotic helicopter},
	author={Civita, M La and Papageorgiou, George and Messner, William C and Kanade, Takeo},
	journal={Journal of Guidance, Control, and Dynamics},
	volume={29},
	number={2},
	pages={485--494},
	year={2006}
}
@book{khaligh2014control,
	title={Control-oriented modeling and system identification for nonlinear trajectory tracking control of a small-scale unmanned helicopter},
	author={Khaligh, Sepehr Pourrezaei},
	year={2014},
	publisher={University of Alberta (Canada)}
}
@inproceedings{zhou2019vision,
	title={Vision-based Navigation of UAV with Continuous Action Space Using Deep Reinforcement Learning},
	author={Zhou, Benchun and Wang, Weihong and Liu, Zhenghua and Wang, Jia},
	booktitle={2019 Chinese Control And Decision Conference (CCDC)},
	pages={5030--5035},
	year={2019},
	organization={IEEE}
}
@book{sutton2018reinforcement,
	title={Reinforcement learning: An introduction},
	author={Sutton, Richard S and Barto, Andrew G},
	year={2018},
	publisher={MIT press}
}
@article{nian2020review,
	title={A review on reinforcement learning: Introduction and applications in industrial process control},
	author={Nian, Rui and Liu, Jinfeng and Huang, Biao},
	journal={Computers \& Chemical Engineering},
	volume={139},
	pages={106886},
	year={2020},
	publisher={Elsevier}
}

@article{abbeel2007application,
	title={An application of reinforcement learning to aerobatic helicopter flight},
	author={Abbeel, Pieter and Coates, Adam and Quigley, Morgan and Ng, Andrew Y},
	journal={Advances in neural information processing systems},
	volume={19},
	pages={1},
	year={2007},
	publisher={MIT; 1998}
}
@incollection{ng2006autonomous,
	title={Autonomous inverted helicopter flight via reinforcement learning},
	author={Ng, Andrew Y and Coates, Adam and Diel, Mark and Ganapathi, Varun and Schulte, Jamie and Tse, Ben and Berger, Eric and Liang, Eric},
	booktitle={Experimental robotics IX},
	pages={363--372},
	year={2006},
	publisher={Springer}
}
@inproceedings{ng2003autonomous,
	title={Autonomous helicopter flight via reinforcement learning.},
	author={Ng, Andrew Y and Kim, H Jin and Jordan, Michael I and Sastry, Shankar and Ballianda, Shiv},
	booktitle={NIPS},
	volume={16},
	year={2003},
	organization={Citeseer}
}
@article{silver2017mastering,
	title={Mastering the game of go without human knowledge},
	author={Silver, David and Schrittwieser, Julian and Simonyan, Karen and Antonoglou, Ioannis and Huang, Aja and Guez, Arthur and Hubert, Thomas and Baker, Lucas and Lai, Matthew and Bolton, Adrian and others},
	journal={nature},
	volume={550},
	number={7676},
	pages={354--359},
	year={2017},
	publisher={Nature Publishing Group}
}
@inproceedings{zhao2020sim,
	title={Sim-to-real transfer in deep reinforcement learning for robotics: a survey},
	author={Zhao, Wenshuai and Queralta, Jorge Pe{\~n}a and Westerlund, Tomi},
	booktitle={2020 IEEE Symposium Series on Computational Intelligence (SSCI)},
	pages={737--744},
	year={2020},
	organization={IEEE}
}
@article{powell2012ai,
	title={AI, OR and control theory: A rosetta stone for stochastic optimization},
	author={Powell, Warren B},
	journal={Princeton University},
	pages={12},
	year={2012}
}
@article{kaelbling1996reinforcement,
	title={Reinforcement learning: A survey},
	author={Kaelbling, Leslie Pack and Littman, Michael L and Moore, Andrew W},
	journal={Journal of artificial intelligence research},
	volume={4},
	pages={237--285},
	year={1996}
}
@article{kober2013reinforcement,
	title={Reinforcement learning in robotics: A survey},
	author={Kober, Jens and Bagnell, J Andrew and Peters, Jan},
	journal={The International Journal of Robotics Research},
	volume={32},
	number={11},
	pages={1238--1274},
	year={2013},
	publisher={SAGE Publications Sage UK: London, England}
}
@article{bertsekas2011dynamic,
	title={Dynamic programming and optimal control 3rd edition, volume II},
	author={Bertsekas, Dimitri P},
	journal={Belmont, MA: Athena Scientific},
	year={2011}
}
@incollection{lewis2002bias,
	title={Bias optimality},
	author={Lewis, Mark E and Puterman, Martin L},
	booktitle={Handbook of Markov decision processes},
	pages={89--111},
	year={2002},
	publisher={Springer}
}
@inproceedings{gabillon2013approximate,
	title={Approximate dynamic programming finally performs well in the game of Tetris},
	author={Gabillon, Victor and Ghavamzadeh, Mohammad and Scherrer, Bruno},
	booktitle={Neural Information Processing Systems (NIPS) 2013},
	year={2013}
}
@incollection{bucsoniu2010approximate,
	title={Approximate dynamic programming and reinforcement learning},
	author={Bu{\c{s}}oniu, Lucian and De Schutter, Bart and Babu{\v{s}}ka, Robert},
	booktitle={Interactive collaborative information systems},
	pages={3--44},
	year={2010},
	publisher={Springer}
}
@book{rummery1994line,
	title={On-line Q-learning using connectionist systems},
	author={Rummery, Gavin A and Niranjan, Mahesan},
	volume={37},
	year={1994},
	publisher={Citeseer}
}
@article{watkins1992q,
	title={Q-learning},
	author={Watkins, Christopher JCH and Dayan, Peter},
	journal={Machine learning},
	volume={8},
	number={3-4},
	pages={279--292},
	year={1992},
	publisher={Springer}
}
@article{sutton1988learning,
	title={Learning to predict by the methods of temporal differences},
	author={Sutton, Richard S},
	journal={Machine learning},
	volume={3},
	number={1},
	pages={9--44},
	year={1988},
	publisher={Springer}
}
@incollection{kimura1995reinforcement,
	title={Reinforcement learning by stochastic hill climbing on discounted reward},
	author={Kimura, Hajime and Yamamura, Masayuki and Kobayashi, Shigenobu},
	booktitle={Machine Learning Proceedings 1995},
	pages={295--303},
	year={1995},
	publisher={Elsevier}
}

@techreport{baird1999reinforcement,
	title={Reinforcement learning through gradient descent},
	author={Baird III, Leemon C},
	year={1999},
	institution={CARNEGIE-MELLON UNIV PITTSBURGH PA DEPT OF COMPUTER SCIENCE}
}
@inproceedings{peters2006policy,
	title={Policy gradient methods for robotics},
	author={Peters, Jan and Schaal, Stefan},
	booktitle={2006 IEEE/RSJ International Conference on Intelligent Robots and Systems},
	pages={2219--2225},
	year={2006},
	organization={IEEE}
}
@article{bertsekas2011dynamic,
	title={Dynamic programming and optimal control 3rd edition, volume II},
	author={Bertsekas, Dimitri P},
	journal={Belmont, MA: Athena Scientific},
	year={2011}
}
@inproceedings{deisenroth2014multi,
	title={Multi-task policy search for robotics},
	author={Deisenroth, Marc Peter and Englert, Peter and Peters, Jan and Fox, Dieter},
	booktitle={2014 IEEE International Conference on Robotics and Automation (ICRA)},
	pages={3876--3881},
	year={2014},
	organization={IEEE}
}
@inproceedings{vikas2015model,
	title={Model-free control framework for multi-limb soft robots},
	author={Vikas, Vishesh and Grover, Piyush and Trimmer, Barry},
	booktitle={2015 IEEE/RSJ International Conference on Intelligent Robots and Systems (IROS)},
	pages={1111--1116},
	year={2015},
	organization={IEEE}
}
@article{silver2017mastering,
	title={Mastering chess and shogi by self-play with a general reinforcement learning algorithm},
	author={Silver, David and Hubert, Thomas and Schrittwieser, Julian and Antonoglou, Ioannis and Lai, Matthew and Guez, Arthur and Lanctot, Marc and Sifre, Laurent and Kumaran, Dharshan and Graepel, Thore and others},
	journal={arXiv preprint arXiv:1712.01815},
	year={2017}
}
@article{szepesvari2010algorithms,
	title={Algorithms for reinforcement learning},
	author={Szepesv{\'a}ri, Csaba},
	journal={Synthesis lectures on artificial intelligence and machine learning},
	volume={4},
	number={1},
	pages={1--103},
	year={2010},
	publisher={Morgan \& Claypool Publishers}
}
@inproceedings{sutton1999policy,
	title={Policy gradient methods for reinforcement learning with function approximation.},
	author={Sutton, Richard S and McAllester, David A and Singh, Satinder P and Mansour, Yishay and others},
	booktitle={NIPs},
	volume={99},
	pages={1057--1063},
	year={1999},
	organization={Citeseer}
}
@inproceedings{schulman2015trust,
	title={Trust region policy optimization},
	author={Schulman, John and Levine, Sergey and Abbeel, Pieter and Jordan, Michael and Moritz, Philipp},
	booktitle={International conference on machine learning},
	pages={1889--1897},
	year={2015},
	organization={PMLR}
}
@article{schulman2017proximal,
	title={Proximal policy optimization algorithms},
	author={Schulman, John and Wolski, Filip and Dhariwal, Prafulla and Radford, Alec and Klimov, Oleg},
	journal={arXiv preprint arXiv:1707.06347},
	year={2017}
}
@article{lillicrap2015continuous,
	title={Continuous control with deep reinforcement learning},
	author={Lillicrap, Timothy P and Hunt, Jonathan J and Pritzel, Alexander and Heess, Nicolas and Erez, Tom and Tassa, Yuval and Silver, David and Wierstra, Daan},
	journal={arXiv preprint arXiv:1509.02971},
	year={2015}
}
@inproceedings{fujimoto2018addressing,
	title={Addressing function approximation error in actor-critic methods},
	author={Fujimoto, Scott and Hoof, Herke and Meger, David},
	booktitle={International Conference on Machine Learning},
	pages={1587--1596},
	year={2018},
	organization={PMLR}
}

@book{gray2011entropy,
	title={Entropy and information theory},
	author={Gray, Robert M},
	year={2011},
	publisher={Springer Science \& Business Media}
}
@inproceedings{simsek2016most,
	title={Why most decisions are easy in Tetris—And perhaps in other sequential decision problems, as well},
	author={Simsek, Ozgur and Algorta, Simon and Kothiyal, Amit},
	booktitle={International Conference on Machine Learning},
	pages={1757--1765},
	year={2016},
	organization={PMLR}
}
@article{williams1992simple,
	title={Simple statistical gradient-following algorithms for connectionist reinforcement learning},
	author={Williams, Ronald J},
	journal={Machine learning},
	volume={8},
	number={3},
	pages={229--256},
	year={1992},
	publisher={Springer}
}

@inproceedings{haarnoja2017reinforcement,
	title={Reinforcement learning with deep energy-based policies},
	author={Haarnoja, Tuomas and Tang, Haoran and Abbeel, Pieter and Levine, Sergey},
	booktitle={International Conference on Machine Learning},
	pages={1352--1361},
	year={2017},
	organization={PMLR}
}
@book{valavanis2015handbook,
	title={Handbook of unmanned aerial vehicles},
	author={Valavanis, Kimon P and Vachtsevanos, George J},
	volume={2077},
	year={2015},
	publisher={Springer}
}
@article{mnih2013playing,
	title={Playing atari with deep reinforcement learning},
	author={Mnih, Volodymyr and Kavukcuoglu, Koray and Silver, David and Graves, Alex and Antonoglou, Ioannis and Wierstra, Daan and Riedmiller, Martin},
	journal={arXiv preprint arXiv:1312.5602},
	year={2013}
}
@article{sutton1992reinforcement,
	title={Reinforcement learning is direct adaptive optimal control},
	author={Sutton, Richard S and Barto, Andrew G and Williams, Ronald J},
	journal={IEEE Control Systems Magazine},
	volume={12},
	number={2},
	pages={19--22},
	year={1992},
	publisher={IEEE}
}
@article{li2017deep,
	title={Deep reinforcement learning: An overview},
	author={Li, Yuxi},
	journal={arXiv preprint arXiv:1701.07274},
	year={2017}
}
@inproceedings{tran2015reinforcement,
	title={Reinforcement Learning with Autonomous Small Unmanned Aerial Vehicles in Cluttered Environments-" After all these years among humans, you still haven't learned to smile."},
	author={Tran, Loc D and Cross, Charles D and Motter, Mark A and Neilan, James H and Qualls, Garry and Rothhaar, Paul M and Trujillo, Anna and Allen, Bonnie D},
	booktitle={15th AIAA aviation technology, integration, and operations conference},
	pages={2899},
	year={2015}
}
@inproceedings{tzeng2015simultaneous,
	title={Simultaneous deep transfer across domains and tasks},
	author={Tzeng, Eric and Hoffman, Judy and Darrell, Trevor and Saenko, Kate},
	booktitle={Proceedings of the IEEE international conference on computer vision},
	pages={4068--4076},
	year={2015}
}

@book{padfield2008helicopter,
	title={Helicopter flight dynamics: the theory and application of flying qualities and simulation modelling},
	author={Padfield, Gareth D},
	year={2008},
	publisher={John Wiley \& Sons}
}
@book{marques2017advanced,
	title={Advanced UAV Aerodynamics, Flight Stability and Control: Novel Concepts, Theory and Applications},
	author={Marqu{\'e}s, Pascual and Da Ronch, Andrea},
	year={2017},
	publisher={John Wiley \& Sons}
}
@book{seddon2011basic,
	title={Basic helicopter aerodynamics},
	author={Seddon, John M and Newman, Simon},
	volume={40},
	year={2011},
	publisher={John Wiley \& Sons}
}
@article{brockman2016openai,
	title={Openai gym},
	author={Brockman, Greg and Cheung, Vicki and Pettersson, Ludwig and Schneider, Jonas and Schulman, John and Tang, Jie and Zaremba, Wojciech},
	journal={arXiv preprint arXiv:1606.01540},
	year={2016}
}
@misc{garage,
	author = {The garage contributors},
	title = {Garage: A toolkit for reproducible reinforcement learning research},
	year = {2019},
	publisher = {GitHub},
	journal = {GitHub repository},
	howpublished = {\url{https://github.com/rlworkgroup/garage}},
	commit = {be070842071f736eb24f28e4b902a9f144f5c97b}
}
  
@incollection{NEURIPS2019_9015,
	title = {PyTorch: An Imperative Style, High-Performance Deep Learning Library},
	author = {Paszke, Adam and Gross, Sam and Massa, Francisco and Lerer, Adam and Bradbury, James and Chanan, Gregory and Killeen, Trevor and Lin, Zeming and Gimelshein, Natalia and Antiga, Luca and Desmaison, Alban and Kopf, Andreas and Yang, Edward and DeVito, Zachary and Raison, Martin and Tejani, Alykhan and Chilamkurthy, Sasank and Steiner, Benoit and Fang, Lu and Bai, Junjie and Chintala, Soumith},
	booktitle = {Advances in Neural Information Processing Systems 32},
	editor = {H. Wallach and H. Larochelle and A. Beygelzimer and F. d\textquotesingle Alch\'{e}-Buc and E. Fox and R. Garnett},
	pages = {8024--8035},
	year = {2019},
	publisher = {Curran Associates, Inc.},
	url = {http://papers.neurips.cc/paper/9015-pytorch-an-imperative-style-high-performance-deep-learning-library.pdf}
}
@misc{tensorflow2015-whitepaper,
	title={ {TensorFlow}: Large-Scale Machine Learning on Heterogeneous Systems},
	url={https://www.tensorflow.org/},
	note={Software available from tensorflow.org},
	author={
	Mart\'{\i}n~Abadi and
	Ashish~Agarwal and
	Paul~Barham and
	Eugene~Brevdo and
	Zhifeng~Chen and
	Craig~Citro and
	Greg~S.~Corrado and
	Andy~Davis and
	Jeffrey~Dean and
	Matthieu~Devin and
	Sanjay~Ghemawat and
	Ian~Goodfellow and
	Andrew~Harp and
	Geoffrey~Irving and
	Michael~Isard and
	Yangqing Jia and
	Rafal~Jozefowicz and
	Lukasz~Kaiser and
	Manjunath~Kudlur and
	Josh~Levenberg and
	Dandelion~Man\'{e} and
	Rajat~Monga and
	Sherry~Moore and
	Derek~Murray and
	Chris~Olah and
	Mike~Schuster and
	Jonathon~Shlens and
	Benoit~Steiner and
	Ilya~Sutskever and
	Kunal~Talwar and
	Paul~Tucker and
	Vincent~Vanhoucke and
	Vijay~Vasudevan and
	Fernanda~Vi\'{e}gas and
	Oriol~Vinyals and
	Pete~Warden and
	Martin~Wattenberg and
	Martin~Wicke and
	Yuan~Yu and
	Xiaoqiang~Zheng},
	year={2015},
}
@inproceedings{lee2001stock,
	title={Stock price prediction using reinforcement learning},
	author={Lee, Jae Won},
	booktitle={ISIE 2001. 2001 IEEE International Symposium on Industrial Electronics Proceedings (Cat. No. 01TH8570)},
	volume={1},
	pages={690--695},
	year={2001},
	organization={IEEE}
}
@article{pi2020low,
	title={Low-level autonomous control and tracking of quadrotor using reinforcement learning},
	author={Pi, Chen-Huan and Hu, Kai-Chun and Cheng, Stone and Wu, I-Chen},
	journal={Control Engineering Practice},
	volume={95},
	pages={104222},
	year={2020},
	publisher={Elsevier}
}
@article{kaiser2019model,
	title={Model-based reinforcement learning for atari},
	author={Kaiser, Lukasz and Babaeizadeh, Mohammad and Milos, Piotr and Osinski, Blazej and Campbell, Roy H and Czechowski, Konrad and Erhan, Dumitru and Finn, Chelsea and Kozakowski, Piotr and Levine, Sergey and others},
	journal={arXiv preprint arXiv:1903.00374},
	year={2019}
}
@article{mahadevan1992automatic,
	title={Automatic programming of behavior-based robots using reinforcement learning},
	author={Mahadevan, Sridhar and Connell, Jonathan},
	journal={Artificial intelligence},
	volume={55},
	number={2-3},
	pages={311--365},
	year={1992},
	publisher={Elsevier}
}
@article{gullapalli1994acquiring,
	title={Acquiring robot skills via reinforcement learning},
	author={Gullapalli, Vijaykumar and Franklin, Judy A and Benbrahim, Hamid},
	journal={IEEE Control Systems Magazine},
	volume={14},
	number={1},
	pages={13--24},
	year={1994},
	publisher={IEEE}
}
@article{levine2018learning,
	title={Learning hand-eye coordination for robotic grasping with deep learning and large-scale data collection},
	author={Levine, Sergey and Pastor, Peter and Krizhevsky, Alex and Ibarz, Julian and Quillen, Deirdre},
	journal={The International Journal of Robotics Research},
	volume={37},
	number={4-5},
	pages={421--436},
	year={2018},
	publisher={SAGE Publications Sage UK: London, England}
}
@misc{anand2019s,
	title={What’s the real value of AI for your business and how can you capitalise},
	author={Anand, S and Verweij, G},
	year={2019},
	publisher={PricewaterhouseCoopers}
}
@book{pandey2021machine,
	title={Machine Learning: Theoretical Foundations and Practical Applications},
	author={Pandey, Manjusha},
	year={2021},
	publisher={Springer Nature}
}
@book{shalev2014understanding,
	title={Understanding machine learning: From theory to algorithms},
	author={Shalev-Shwartz, Shai and Ben-David, Shai},
	year={2014},
	publisher={Cambridge university press}
}
@article{ng2017machine,
	title={Machine learning yearning},
	author={Ng, Andrew},
	journal={URL: http://www. mlyearning. org/(96)},
	volume={139},
	year={2017}
}
@inproceedings{bagnell2001autonomous,
	title={Autonomous helicopter control using reinforcement learning policy search methods},
	author={Bagnell, J Andrew and Schneider, Jeff G},
	booktitle={Proceedings 2001 ICRA. IEEE International Conference on Robotics and Automation (Cat. No. 01CH37164)},
	volume={2},
	pages={1615--1620},
	year={2001},
	organization={IEEE}
}
@incollection{ng2006autonomous,
	title={Autonomous inverted helicopter flight via reinforcement learning},
	author={Ng, Andrew Y and Coates, Adam and Diel, Mark and Ganapathi, Varun and Schulte, Jamie and Tse, Ben and Berger, Eric and Liang, Eric},
	booktitle={Experimental robotics IX},
	pages={363--372},
	year={2006},
	publisher={Springer}
}
@inproceedings{russell1998learning,
	title={Learning agents for uncertain environments},
	author={Russell, Stuart},
	booktitle={Proceedings of the eleventh annual conference on Computational learning theory},
	pages={101--103},
	year={1998}
}
@article{abbeel2007application,
	title={An application of reinforcement learning to aerobatic helicopter flight},
	author={Abbeel, Pieter and Coates, Adam and Quigley, Morgan and Ng, Andrew Y},
	journal={Advances in neural information processing systems},
	volume={19},
	pages={1},
	year={2007},
	publisher={MIT; 1998}
}
@article{koch2019reinforcement,
	title={Reinforcement learning for UAV attitude control},
	author={Koch, William and Mancuso, Renato and West, Richard and Bestavros, Azer},
	journal={ACM Transactions on Cyber-Physical Systems},
	volume={3},
	number={2},
	pages={1--21},
	year={2019},
	publisher={ACM New York, NY, USA}
}
@article{barros2020using,
	title={Using Soft Actor-Critic for Low-Level UAV Control},
	author={Barros, Gabriel Moraes and Colombini, Esther Luna},
	journal={arXiv preprint arXiv:2010.02293},
	year={2020}
}
@inproceedings{optuna_2019,
	title={Optuna: A Next-generation Hyperparameter Optimization Framework},
	author={Akiba, Takuya and Sano, Shotaro and Yanase, Toshihiko and Ohta, Takeru and Koyama, Masanori},
	booktitle={Proceedings of the 25rd {ACM} {SIGKDD} International Conference on Knowledge Discovery and Data Mining},
	year={2019}
}
@article{johnson2005adaptive,
	title={Adaptive trajectory control for autonomous helicopters},
	author={Johnson, Eric N and Kannan, Suresh K},
	journal={Journal of Guidance, Control, and Dynamics},
	volume={28},
	number={3},
	pages={524--538},
	year={2005}
}
@article{marconi2007robust,
	title={Robust full degree-of-freedom tracking control of a helicopter},
	author={Marconi, Lorenzo and Naldi, Roberto},
	journal={Automatica},
	volume={43},
	number={11},
	pages={1909--1920},
	year={2007},
	publisher={Elsevier}
}
@article{raptis2009system,
	title={System identification and discrete nonlinear control of miniature helicopters using backstepping},
	author={Raptis, Ioannis A and Valavanis, Kimon P and Moreno, Wilfrido A},
	journal={Journal of Intelligent and Robotic Systems},
	volume={55},
	number={2},
	pages={223--243},
	year={2009},
	publisher={Springer}
}
@inproceedings{mahony1999hover,
	title={Hover control via Lyapunov control for an autonomous model helicopter},
	author={Mahony, Robert and Hamel, Tarek and Dzul, A},
	booktitle={Proceedings of the 38th IEEE Conference on Decision and Control (Cat. No. 99CH36304)},
	volume={4},
	pages={3490--3495},
	year={1999},
	organization={IEEE}
}
@article{raptis2009system,
	title={System identification and discrete nonlinear control of miniature helicopters using backstepping},
	author={Raptis, Ioannis A and Valavanis, Kimon P and Moreno, Wilfrido A},
	journal={Journal of Intelligent and Robotic Systems},
	volume={55},
	number={2},
	pages={223--243},
	year={2009},
	publisher={Springer}
}
@book{godbolt2013experimental,
	title={Experimental nonlinear control of a helicopter unmanned aerial vehicle (UAV)},
	author={Godbolt, Bryan},
	year={2013},
	publisher={University of Alberta (Canada)}
}
@article{kendoul2007real,
	title={Real-time nonlinear embedded control for an autonomous quadrotor helicopter},
	author={Kendoul, Farid and Lara, David and Fantoni, Isabelle and Lozano, R},
	journal={Journal of guidance, control, and dynamics},
	volume={30},
	number={4},
	pages={1049--1061},
	year={2007}
}
@article{walker1996advanced,
	title={Advanced helicopter flight control using two-degree-of-freedom H (infinity) optimization},
	author={Walker, DJ and Postlethwaite, I},
	journal={Journal of Guidance, Control, and Dynamics},
	volume={19},
	number={2},
	pages={461--468},
	year={1996}
}
@inproceedings{mettler1999system,
	title={System identification of small-size unmanned helicopter dynamics},
	author={Mettler, Bernard and Tischler, Mark B and Kanade, Takeo},
	booktitle={Annual Forum Proceedings- American Helicopter Society},
	volume={2},
	pages={1706--1717},
	year={1999},
	organization={Citeseer}
}
\@inproceedings{kim2002nonlinear,
	title={Nonlinear model predictive tracking control for rotorcraft-based unmanned aerial vehicles},
	author={Kim, H Jin and Shim, David H and Sastry, Shankar},
	booktitle={Proceedings of the 2002 American control conference (IEEE Cat. No. CH37301)},
	volume={5},
	pages={3576--3581},
	year={2002},
	organization={IEEE}
}
@book{isidori2012robust,
	title={Robust autonomous guidance: an internal model approach},
	author={Isidori, Alberto and Marconi, Lorenzo and Serrani, Andrea},
	year={2012},
	publisher={Springer Science \& Business Media}
}
@book{ren2012modeling,
	title={Modeling, control and coordination of helicopter systems},
	author={Ren, Beibei and Ge, Shuzhi Sam and Chen, Chang and Fua, Cheng-Heng and Lee, Tong Heng},
	year={2012},
	publisher={Springer Science \& Business Media}
}
@article{enns2003helicopter,
	title={Helicopter trimming and tracking control using direct neural dynamic programming},
	author={Enns, Russell and Si, Jennie},
	journal={IEEE transactions on neural networks},
	volume={14},
	number={4},
	pages={929--939},
	year={2003},
	publisher={IEEE}
}
@inproceedings{kim2004adaptive,
	title={Adaptive output feedback for altitude control of an unmanned helicopter using rotor RPM},
	author={Kim, Nakwan and Calise, Anthony and Corban, J Eric and Prasad, JVR},
	booktitle={AIAA Guidance, Navigation, and Control Conference and Exhibit},
	pages={5323},
	year={2004}
}
@article{kadmiry2004fuzzy,
	title={A fuzzy flight controller combining linguistic and model-based fuzzy control},
	author={Kadmiry, Bourhane and Driankov, Dimiter},
	journal={Fuzzy Sets and Systems},
	volume={146},
	number={3},
	pages={313--347},
	year={2004},
	publisher={Elsevier}
}
@inproceedings{koo1998output,
	title={Output tracking control design of a helicopter model based on approximate linearization},
	author={Koo, T John and Sastry, Shankar},
	booktitle={Proceedings of the 37th IEEE Conference on Decision and Control (Cat. No. 98CH36171)},
	volume={4},
	pages={3635--3640},
	year={1998},
	organization={IEEE}
}
@article{ifassiouen2007robust,
	title={Robust nonlinear control of a miniature autonomous helicopter using sliding mode control structure},
	author={Ifassiouen, H and Guisser, M and Medromi, H},
	journal={World Academy of Science, Engineering and Technology},
	volume={2},
	pages={1},
	year={2007},
	publisher={Citeseer}
}
@article{wang2008model,
	title={Model reference sliding mode control of small helicopter XRB based on vision},
	author={Wang, Wei and Nonami, Kenzo and Ohira, Yuta},
	journal={International Journal of Advanced Robotic Systems},
	volume={5},
	number={3},
	pages={26},
	year={2008},
	publisher={SAGE Publications Sage UK: London, England}
}

@article{vilchis2003nonlinear,
	title={Nonlinear modelling and control of helicopters},
	author={Vilchis, JC Avila and Brogliato, Bernard and Dzul, Alejandro and Lozano, Rogelio},
	journal={Automatica},
	volume={39},
	number={9},
	pages={1583--1596},
	year={2003},
	publisher={Elsevier}
}
@book{raptis2011linear,
	title={Linear and nonlinear control of small-scale unmanned helicopters},
	author={Raptis, Ioannis A and Valavanis, Kimon P},
	volume={1},
	year={2011},
	publisher={Springer}
}
@inproceedings{downs2007control,
	title={Control system development and flight test experience with the MQ-8B fire scout vertical take-off unmanned aerial vehicle (VTUAV)},
	author={Downs, James and Prentice, Ron and Alzell, S and Besachio, Adam and Ivler, CM and Tischler, Mark B and Mansur, MH},
	booktitle={Annual Forum Proceedings-American Helicopter Society},
	volume={63},
	number={1},
	pages={566},
	year={2007},
	organization={AMERICAN HELICOPTER SOCIETY, INC}
}
@article{xu2010multi,
	title={Multi-timescale nonlinear robust control for a miniature helicopter},
	author={Xu, Yunjun},
	journal={IEEE Transactions on Aerospace and Electronic systems},
	volume={46},
	number={2},
	pages={656--671},
	year={2010},
	publisher={IEEE}
}
@article{fahimi2008full,
	title={Full formation control for autonomous helicopter groups},
	author={Fahimi, Farbod},
	journal={Robotica},
	volume={26},
	number={2},
	pages={143--156},
	year={2008},
	publisher={Cambridge University Press}
}
@article{fu2012chattering,
	title={Chattering-free sliding mode control with unidirectional auxiliary surfaces for miniature helicopters},
	author={Fu, Jian and Chen, Wen-hua and Wu, Qing-xian},
	journal={International Journal of Intelligent Computing and Cybernetics},
	year={2012},
	publisher={Emerald Group Publishing Limited}
}
@inproceedings{pieper1995application,
	title={Application of SLMC: TRC control of a helicopter in hover},
	author={Pieper, JK},
	booktitle={Proceedings of 1995 American Control Conference-ACC'95},
	volume={2},
	pages={1191--1195},
	year={1995},
	organization={IEEE}
}
@article{bogdanov2007state,
	title={State-dependent Riccati equation control for small autonomous helicopters},
	author={Bogdanov, Alexander and Wan, Eric},
	journal={Journal of guidance, control, and dynamics},
	volume={30},
	number={1},
	pages={47--60},
	year={2007}
}
@inproceedings{koo1998output,
	title={Output tracking control design of a helicopter model based on approximate linearization},
	author={Koo, T John and Sastry, Shankar},
	booktitle={Proceedings of the 37th IEEE Conference on Decision and Control (Cat. No. 98CH36171)},
	volume={4},
	pages={3635--3640},
	year={1998},
	organization={IEEE}
}
@book{skogestad2007multivariable,
	title={Multivariable feedback control: analysis and design},
	author={Skogestad, Sigurd and Postlethwaite, Ian},
	volume={2},
	year={2007},
	publisher={Citeseer}
}
@article{walker1996advanced,
	title={Advanced helicopter flight control using two-degree-of-freedom H (infinity) optimization},
	author={Walker, DJ and Postlethwaite, I},
	journal={Journal of Guidance, Control, and Dynamics},
	volume={19},
	number={2},
	pages={461--468},
	year={1996}
}
@article{gadewadikar2008structured,
	title={Structured H-infinity command and control-loop design for unmanned helicopters},
	author={Gadewadikar, Jyotirmay and Lewis, Frank and Subbarao, Kamesh and Chen, Ben M},
	journal={Journal of guidance, control, and dynamics},
	volume={31},
	number={4},
	pages={1093--1102},
	year={2008}
}
@book{mettler2013identification,
	title={Identification modeling and characteristics of miniature rotorcraft},
	author={Mettler, Bernard},
	year={2013},
	publisher={Springer Science \& Business Media}
}
@book{khalil1996robust,
	title={Robust and optimal control},
	author={Khalil, Islam SM and Doyle, JC and Glover, K},
	year={1996},
	publisher={prentice hall, new jersey}
}
@article{kim2003flight,
	title={A flight control system for aerial robots: algorithms and experiments},
	author={Kim, H Jin and Shim, David H},
	journal={Control engineering practice},
	volume={11},
	number={12},
	pages={1389--1400},
	year={2003},
	publisher={Elsevier}
}
@article{fantoni2002non,
	title={Non-linear control for underactuated mechanical systems},
	author={Fantoni, Isabelle and Lozano, Rogelio and Sinha, SC},
	journal={Appl. Mech. Rev.},
	volume={55},
	number={4},
	pages={B67--B68},
	year={2002}
}
@article{gadewadikar2009h,
	title={H-infinity static output-feedback control for rotorcraft},
	author={Gadewadikar, Jyotirmay and Lewis, Frank L and Subbarao, Kamesh and Peng, Kemao and Chen, Ben M},
	journal={Journal of Intelligent and Robotic Systems},
	volume={54},
	number={4},
	pages={629--646},
	year={2009},
	publisher={Springer}
}
@inproceedings{hovakimyan2001adaptive,
	title={Adaptive output feedback for high-bandwidth control of an unmanned helicopter},
	author={Hovakimyan, Naira and Kim, Nakwan and Calise, Anthony J and Prasad, JVR and Corban, Eric},
	booktitle={AIAA Guidance, Navigation and Control Conference, AIAA-2001-4181},
	year={2001}
}
@article{johnson2005adaptive,
	title={Adaptive trajectory control for autonomous helicopters},
	author={Johnson, Eric N and Kannan, Suresh K},
	journal={Journal of Guidance, Control, and Dynamics},
	volume={28},
	number={3},
	pages={524--538},
	year={2005}
}
@article{mahony2004robust,
	title={Robust trajectory tracking for a scale model autonomous helicopter},
	author={Mahony, Robert and Hamel, Tarek},
	journal={International Journal of Robust and Nonlinear Control: IFAC-Affiliated Journal},
	volume={14},
	number={12},
	pages={1035--1059},
	year={2004},
	publisher={Wiley Online Library}
}
@inproceedings{azzam2010quad,
	title={Quad rotor arial robot dynamic modeling and configuration stabilization},
	author={Azzam, A and Wang, Xinhua},
	booktitle={2010 2nd International Asia Conference on Informatics in Control, Automation and Robotics (CAR 2010)},
	volume={1},
	pages={438--444},
	year={2010},
	organization={IEEE}
}
@book{krstic1995nonlinear,
	title={Nonlinear and adaptive control design},
	author={Krstic, Miroslav and Kokotovic, Petar V and Kanellakopoulos, Ioannis},
	year={1995},
	publisher={John Wiley \& Sons, Inc.}
}
@incollection{isidori2003robust,
	title={Robust nonlinear motion control of a helicopter},
	author={Isidori, Alberto and Marconi, Lorenzo and Serrani, Andrea},
	booktitle={Robust Autonomous Guidance},
	pages={149--192},
	year={2003},
	publisher={Springer}
}
@inproceedings{koo1999differential,
	title={Differential flatness based full authority helicopter control design},
	author={Koo, T John and Sastry, Shankar},
	booktitle={Proceedings of the 38th IEEE Conference on Decision and Control (Cat. No. 99CH36304)},
	volume={2},
	pages={1982--1987},
	year={1999},
	organization={IEEE}
}
@inproceedings{koo1998output,
	title={Output tracking control design of a helicopter model based on approximate linearization},
	author={Koo, T John and Sastry, Shankar},
	booktitle={Proceedings of the 37th IEEE Conference on Decision and Control (Cat. No. 98CH36171)},
	volume={4},
	pages={3635--3640},
	year={1998},
	organization={IEEE}
}
@Comment{jabref-meta: databaseType:bibtex;}
